
@article{Shi11,
	Adsnote = {Provided by the SAO/NASA Astrophysics Data System},
	Adsurl = {http://adsabs.harvard.edu/abs/2011ApJ...733...87S},
	Archiveprefix = {arXiv},
	Author = {{Shi}, Y. and {Helou}, G. and {Yan}, L. and {et al.}},
	Doi = {10.1088/0004-637X/733/2/87},
	Eid = {87},
	Eprint = {1103.3711},
	Journal = {\apj},
	Keywords = {galaxies: evolution, galaxies: starburst, ISM: atoms, ISM: molecules, stars: formation},
	Month = jun,
	Pages = {87},
	Primaryclass = {astro-ph.CO},
	Title = {{Extended Schmidt Law: Role of Existing Stars in Current Star Formation}},
	Volume = 733,
	Year = 2011,
	Bdsk-Url-1 = {http://dx.doi.org/10.1088/0004-637X/733/2/87}}
	
	@ARTICLE{Shetty13,
   author = {{Shetty}, R. and {Kelly}, B.~C. and {Bigiel}, F.},
    title = "{Evidence for a non-universal Kennicutt-Schmidt relationship using hierarchical Bayesian linear regression}",
  journal = {\mnras},
archivePrefix = "arXiv",
   eprint = {1210.1218},
 primaryClass = "astro-ph.CO",
 keywords = {methods: statistical, galaxies: ISM, galaxies: star formation},
     year = 2013,
    month = mar,
   volume = 430,
    pages = {288-304},
      doi = {10.1093/mnras/sts617},
   adsurl = {http://adsabs.harvard.edu/abs/2013MNRAS.430..288S},
  adsnote = {Provided by the SAO/NASA Astrophysics Data System}
}

	@article{Krumholz09,
	Adsnote = {Provided by the SAO/NASA Astrophysics Data System},
	Adsurl = {http://adsabs.harvard.edu/abs/2009ApJ...699..850K},
	Archiveprefix = {arXiv},
	Author = {{Krumholz}, M.~R. and {McKee}, C.~F. and {Tumlinson}, J.},
	Doi = {10.1088/0004-637X/699/1/850},
	Eprint = {0904.0009},
	Journal = {\apj},
	Keywords = {galaxies: ISM, ISM: clouds, ISM: molecules, stars: formation},
	Month = jul,
	Pages = {850-856},
	Primaryclass = {astro-ph.GA},
	Title = {{The Star Formation Law in Atomic and Molecular Gas}},
	Volume = 699,
	Year = 2009,
	}
	@ARTICLE{Hossein12,
   author = {{Teimoorinia}, H.},
    title = "{Spectral Classification of Galaxies at 0.5 $\lt$= z $\lt$= 1 in the CDFS: The Artificial Neural Network Approach}",
  journal = {\aj},
 keywords = {galaxies: fundamental parameters, galaxies: high-redshift, methods: data analysis, methods: statistical},
     year = 2012,
    month = dec,
   volume = 144,
    pages = {172},
      doi = {10.1088/0004-6256/144/6/172},
   adsurl = {http://adsabs.harvard.edu/abs/2012AJ....144..172T},
  adsnote = {Provided by the SAO/NASA Astrophysics Data System},
  shorthand = {T12},
}
@ARTICLE{Kinney96,
   author = {{Kinney}, A.~L. and {Calzetti}, D. and {Bohlin}, R.~C. and {et al.}},
    title = "{Template Ultraviolet to Near-Infrared Spectra of Star-forming Galaxies and Their Application to K-Corrections}",
  journal = {\apj},
 keywords = {GALAXIES: PHOTOMETRY, GALAXIES: STARBURST, GALAXIES: DISTANCES AND REDSHIFTS, GALAXIES: STELLAR CONTENT, GALAXIES: QUASARS: GENERAL},
     year = 1996,
    month = aug,
   volume = 467,
    pages = {38},
      doi = {10.1086/177583},
   adsurl = {http://adsabs.harvard.edu/abs/1996ApJ...467...38K},
  adsnote = {Provided by the SAO/NASA Astrophysics Data System},
  shorthand = {K96},
}

@article{Schmidt59,
	Adsnote = {Provided by the SAO/NASA Astrophysics Data System},
	Adsurl = {http://adsabs.harvard.edu/abs/1959ApJ...129..243S},
	Author = {{Schmidt}, M.},
	Doi = {10.1086/146614},
	Journal = {\apj},
	Month = mar,
	Pages = {243},
	Title = {{The Rate of Star Formation.}},
	Volume = 129,
	Year = 1959,
	Bdsk-Url-1 = {http://dx.doi.org/10.1086/146614}}
@article{Kennicutt98b,
	Adsnote = {Provided by the SAO/NASA Astrophysics Data System},
	Adsurl = {http://adsabs.harvard.edu/abs/1998ApJ...498..541K},
	Author = {{Kennicutt}, Jr., R.~C.},
	Doi = {10.1086/305588},
	Eprint = {astro-ph/9712213},
	Journal = {\apj},
	Keywords = {GALAXIES: EVOLUTION, GALAXIES: ISM, GALAXIES: SPIRAL, GALAXIES: STELLAR CONTENT, GALAXIES: STARBURST, STARS: FORMATION},
	Month = may,
	Pages = {541},
	Title = {{The Global Schmidt Law in Star-forming Galaxies}},
	Volume = 498,
	Year = 1998,
	Bdsk-Url-1 = {http://dx.doi.org/10.1086/305588}}